<?xml version="1.0" encoding="UTF-8" ?>
<collection xmlns:xsi="http://www.w3.org/2001/XMLSchema-instance" xsi:schemaLocation="http://www.loc.gov/MARC21/slim http://www.loc.gov/standards/marcxml/schema/MARC21slim.xsd" xmlns="http://www.loc.gov/MARC21/slim">
   <record>
      <leader>     cam a22     1a 4500</leader>
      <controlfield tag="001">4715658</controlfield>
      <controlfield tag="003">NIC</controlfield>
      <controlfield tag="005">20140318223159.0</controlfield>
      <controlfield tag="008">940426q19601969iq       b    001 0 arar </controlfield>
      <datafield tag="010" ind1=" " ind2=" ">
         <subfield code="a">   76961256 </subfield>
      </datafield>
      <datafield tag="035" ind1=" " ind2=" ">
         <subfield code="a">(OCoLC)30329575</subfield>
      </datafield>
      <datafield tag="035" ind1=" " ind2=" ">
         <subfield code="a">4715658</subfield>
      </datafield>
      <datafield tag="040" ind1=" " ind2=" ">
         <subfield code="a">DLC</subfield>
         <subfield code="b">eng</subfield>
         <subfield code="c">AUM</subfield>
         <subfield code="d">DLC</subfield>
         <subfield code="d">OCLCQ</subfield>
         <subfield code="d">OCLCG</subfield>
         <subfield code="d">OKU</subfield>
         <subfield code="d">OCLCA</subfield>
         <subfield code="d">OCLCF</subfield>
         <subfield code="d">NIC</subfield>
      </datafield>
      <datafield tag="041" ind1="0" ind2=" ">
         <subfield code="a">ara</subfield>
         <subfield code="a">fre</subfield>
         <subfield code="a">lat</subfield>
      </datafield>
      <datafield tag="050" ind1="0" ind2="0">
         <subfield code="a">G93</subfield>
         <subfield code="b">.I33 1960z</subfield>
      </datafield>
      <datafield tag="066" ind1=" " ind2=" ">
         <subfield code="c">(3</subfield>
      </datafield>
      <datafield tag="100" ind1="1" ind2=" ">
         <subfield code="6">880-01</subfield>
         <subfield code="a">Ibn Khurradādhbih, ʻUbayd Allāh ibn ʻAbd Allāh,</subfield>
         <subfield code="d">approximately 820-approximately 912.</subfield>
      </datafield>
      <datafield tag="245" ind1="1" ind2="3">
         <subfield code="6">880-02</subfield>
         <subfield code="a">Al-Masālik wa-al-mamālik /</subfield>
         <subfield code="c">li-Abī al-Qāsim ʻUbayd Allāh al-maʻruf bi-Ibn Khurradādhbih ; wa-yalīhu nubadh min Kitāb al-kharāj wa-ṣanʻat al-kitābah, li-Abī al-Faraj Qudāmah ibn Jaʻfar al-Kātib al-Baghdādī.</subfield>
      </datafield>
      <datafield tag="260" ind1=" " ind2=" ">
         <subfield code="6">880-03</subfield>
         <subfield code="a">Baghdād :</subfield>
         <subfield code="b">Maktabat al-Muthanná,</subfield>
         <subfield code="c">[196-]</subfield>
      </datafield>
      <datafield tag="300" ind1=" " ind2=" ">
         <subfield code="a">308, 8, xxiii p. ;</subfield>
         <subfield code="c">25 cm.</subfield>
      </datafield>
      <datafield tag="490" ind1="1" ind2=" ">
         <subfield code="a">Bibliotheca geographorum Arabicorum ;</subfield>
         <subfield code="v">6</subfield>
      </datafield>
      <datafield tag="546" ind1=" " ind2=" ">
         <subfield code="a">Preface in French; commentary in Latin.</subfield>
      </datafield>
      <datafield tag="500" ind1=" " ind2=" ">
         <subfield code="a">Added t.p.: Kitâb al-masâlik wa&apos;l-mamâlik (Liber viarum et regnorum) / auctore Abu&apos;l-Kâsim Obaidallah ibn Abdallah ibn Khordâdhbeh. Et exerpta e Kitâb al-kharâdj / auctore Kodâma ibn Dja&apos;far ; quae com versione Gallica edidit, idicibus et glossario instruxit M.J. de Goeje.</subfield>
      </datafield>
      <datafield tag="500" ind1=" " ind2=" ">
         <subfield code="a">Reprint of the 1889 ed.</subfield>
      </datafield>
      <datafield tag="504" ind1=" " ind2=" ">
         <subfield code="a">Includes bibliographical references and index.</subfield>
      </datafield>
      <datafield tag="650" ind1=" " ind2="0">
         <subfield code="a">Geography, Arab.</subfield>
      </datafield>
      <datafield tag="650" ind1=" " ind2="7">
         <subfield code="a">Geography, Arab.</subfield>
         <subfield code="2">fast</subfield>
         <subfield code="0">(OCoLC)fst00940571</subfield>
      </datafield>
      <datafield tag="700" ind1="0" ind2="2">
         <subfield code="a">Qudāmah ibn Jaʻfar,</subfield>
         <subfield code="d">-922?</subfield>
         <subfield code="t">Kitāb al-kharāj.</subfield>
         <subfield code="k">Selections.</subfield>
      </datafield>
      <datafield tag="700" ind1="1" ind2=" ">
         <subfield code="a">Goeje, M. J. de</subfield>
         <subfield code="q">(Michael Jan),</subfield>
         <subfield code="d">1836-1909.</subfield>
      </datafield>
      <datafield tag="740" ind1="0" ind2=" ">
         <subfield code="a">Liber viarum et regnorum.</subfield>
      </datafield>
      <datafield tag="830" ind1=" " ind2="0">
         <subfield code="a">Bibliotheca geographorum Arabicorum ;</subfield>
         <subfield code="v">6.</subfield>
      </datafield>
      <datafield tag="880" ind1="1" ind2=" ">
         <subfield code="6">100-01/(3/r</subfield>
         <subfield code="a">ابن خرداذبة، عبيد الله عبد الله.</subfield>
      </datafield>
      <datafield tag="880" ind1="1" ind2="0">
         <subfield code="6">240-00/(3/r</subfield>
         <subfield code="a">مسالك والممالك</subfield>
      </datafield>
      <datafield tag="880" ind1="1" ind2="2">
         <subfield code="6">245-02/(3/r</subfield>
         <subfield code="a">المسالك والممالك /</subfield>
         <subfield code="c">لأبي القاسم عبيد الله بن عبد الله المعروف بابن خرداذبة. ويليه نبذة من كتاب الخراج وصنعة الكتابة / لأبي الفرج قدامة بن جعفر الكاتب البغدادي.</subfield>
      </datafield>
      <datafield tag="880" ind1="3" ind2=" ">
         <subfield code="6">246-00/(3/r</subfield>
         <subfield code="a">نبذة من كتاب الخراج وصنعة الكتابة</subfield>
      </datafield>
      <datafield tag="880" ind1="3" ind2=" ">
         <subfield code="6">246-00/(3/r</subfield>
         <subfield code="a">خراج وصنعة الكتابة</subfield>
      </datafield>
      <datafield tag="880" ind1=" " ind2=" ">
         <subfield code="6">260-03/(3/r</subfield>
         <subfield code="a">بغداد :</subfield>
         <subfield code="b">يطلب من مكتبة المثنى،</subfield>
         <subfield code="c">[197-?]</subfield>
      </datafield>
      <datafield tag="948" ind1="2" ind2=" ">
         <subfield code="a">20030605</subfield>
         <subfield code="b">x</subfield>
         <subfield code="d">batch</subfield>
         <subfield code="e">lts</subfield>
      </datafield>
      <datafield tag="948" ind1="3" ind2=" ">
         <subfield code="a">20030605</subfield>
         <subfield code="h">recon1</subfield>
         <subfield code="i">edx.mars.coo.ftp.v03m06.cc.bib</subfield>
      </datafield>
      <datafield tag="948" ind1="2" ind2=" ">
         <subfield code="a">20140318</subfield>
         <subfield code="b">m</subfield>
         <subfield code="d">pjs4</subfield>
         <subfield code="e">lts</subfield>
      </datafield>
      <datafield tag="903" ind1=" " ind2=" ">
         <subfield code="a">NYUACO</subfield>
         <subfield code="d">20141028</subfield>
         <subfield code="p">31924029856170</subfield>
      </datafield>
      <datafield tag="950" ind1=" " ind2=" ">
         <subfield code="a">G93</subfield>
         <subfield code="b">.B58 v.6 1960</subfield>
         <subfield code="v"> </subfield>
      </datafield>
   </record>
</collection>
